@article{albanie2021bbc,
  title={BBC-Oxford British Sign Language Dataset},
  author={Albanie, Samuel and Varol, G{\"u}l and Momeni, Liliane and Bull, Hannah and Afouras, Triantafyllos and Chowdhury, Himel and Fox, Neil and Woll, Bencie and Cooper, Rob and McParland, Andrew and others},
  journal={arXiv preprint arXiv:2111.03635},
  year={2021}
}

@article{salvador2007toward,
  title={Toward accurate dynamic time warping in linear time and space},
  author={Salvador, Stan and Chan, Philip},
  journal={Intelligent Data Analysis},
  volume={11},
  number={5},
  pages={561--580},
  year={2007},
  publisher={IOS Press}
}

@article{giorgino2009computing,
  title={Computing and visualizing dynamic time warping alignments in R: the dtw package},
  author={Giorgino, Toni},
  journal={Journal of statistical Software},
  volume={31},
  pages={1--24},
  year={2009}
}

@article{joze2018ms,
  title={Ms-asl: A large-scale data set and benchmark for understanding american sign language},
  author={Joze, Hamid Reza Vaezi and Koller, Oscar},
  journal={arXiv preprint arXiv:1812.01053},
  year={2018}
}

@inproceedings{liu2016sign,
  title={Sign language recognition with long short-term memory},
  author={Liu, Tao and Zhou, Wengang and Li, Houqiang},
  booktitle={2016 IEEE international conference on image processing (ICIP)},
  pages={2871--2875},
  year={2016},
  organization={IEEE}
}

@inproceedings{guo2018hierarchical,
  title={Hierarchical LSTM for sign language translation},
  author={Guo, Dan and Zhou, Wengang and Li, Houqiang and Wang, Meng},
  booktitle={Proceedings of the AAAI conference on artificial intelligence},
  volume={32},
  year={2018}
}

@article{sakoe1978dynamic,
  title={Dynamic programming algorithm optimization for spoken word recognition},
  author={Sakoe, Hiroaki and Chiba, Seibi},
  journal={IEEE transactions on acoustics, speech, and signal processing},
  volume={26},
  number={1},
  pages={43--49},
  year={1978},
  publisher={IEEE}
}

@inproceedings{ratanamahatana2004everything,
  title={Everything you know about dynamic time warping is wrong},
  author={Ratanamahatana, Chotirat Ann and Keogh, Eamonn},
  booktitle={Third workshop on mining temporal and sequential data},
  volume={32},
  year={2004},
  organization={Citeseer}
}

@inproceedings{momeni2020watch,
  title={Watch, read and lookup: learning to spot signs from multiple supervisors},
  author={Momeni, Liliane and Varol, Gul and Albanie, Samuel and Afouras, Triantafyllos and Zisserman, Andrew},
  booktitle={Proceedings of the Asian Conference on Computer Vision},
  year={2020}
}

@inproceedings{ronchetti2016lsa64,
  title={LSA64: an Argentinian sign language dataset},
  author={Ronchetti, Franco and Quiroga, Facundo and Estrebou, C{\'e}sar Armando and Lanzarini, Laura Cristina and Rosete, Alejandro},
  booktitle={XXII Congreso Argentino de Ciencias de la Computaci{\'o}n (CACIC 2016).},
  year={2016}
}

 @misc{grishchenko_bazarevsky_2020,
  url={https://ai.googleblog.com/2020/12/mediapipe-holistic-simultaneous-face.html}, title={MediaPipe Holistic â€” Simultaneous Face, Hand and Pose Prediction, on Device}, author={Grishchenko, Ivan and Bazarevsky, Valentin}, year={2020}, month={Dec}}

 @inproceedings{liu2016ssd,
  title={Ssd: Single shot multibox detector},
  author={Liu, Wei and Anguelov, Dragomir and Erhan, Dumitru and Szegedy, Christian and Reed, Scott and Fu, Cheng-Yang and Berg, Alexander C},
  booktitle={Computer Vision--ECCV 2016: 14th European Conference, Amsterdam, The Netherlands, October 11--14, 2016, Proceedings, Part I 14},
  pages={21--37},
  year={2016},
  organization={Springer}
}

@article{bazarevsky2020blazepose,
  title={Blazepose: On-device real-time body pose tracking},
  author={Bazarevsky, Valentin and Grishchenko, Ivan and Raveendran, Karthik and Zhu, Tyler and Zhang, Fan and Grundmann, Matthias},
  journal={arXiv preprint arXiv:2006.10204},
  year={2020}
}

@article{bazarevsky2019blazeface,
  title={Blazeface: Sub-millisecond neural face detection on mobile gpus},
  author={Bazarevsky, Valentin and Kartynnik, Yury and Vakunov, Andrey and Raveendran, Karthik and Grundmann, Matthias},
  journal={arXiv preprint arXiv:1907.05047},
  year={2019}
}

@inproceedings{newell2016stacked,
  title={Stacked hourglass networks for human pose estimation},
  author={Newell, Alejandro and Yang, Kaiyu and Deng, Jia},
  booktitle={Computer Vision--ECCV 2016: 14th European Conference, Amsterdam, The Netherlands, October 11-14, 2016, Proceedings, Part VIII 14},
  pages={483--499},
  year={2016},
  organization={Springer}
}

@inproceedings{chu2002iterative,
  title={Iterative deepening dynamic time warping for time series},
  author={Chu, Selina and Keogh, Eamonn and Hart, David and Pazzani, Michael},
  booktitle={Proceedings of the 2002 SIAM International Conference on Data Mining},
  pages={195--212},
  year={2002},
  organization={SIAM}
}

@article{itakura1975minimum,
  title={Minimum prediction residual principle applied to speech recognition},
  author={Itakura, Fumitada},
  journal={IEEE Transactions on acoustics, speech, and signal processing},
  volume={23},
  number={1},
  pages={67--72},
  year={1975},
  publisher={IEEE}
}

@inproceedings{karypis1997multilevel,
  title={Multilevel hypergraph partitioning: Application in VLSI domain},
  author={Karypis, George and Aggarwal, Rajat and Kumar, Vipin and Shekhar, Shashi},
  booktitle={Proceedings of the 34th annual Design Automation Conference},
  pages={526--529},
  year={1997}
}

@article{huu2014human,
  title={Human action recognition using dynamic time warping and voting algorithm},
  author={Huu, Pham Chinh and Le, QK and Le, TH},
  journal={VNU J Sci Comp Sci Com Eng},
  volume={30},
  number={3},
  pages={22--30},
  year={2014}
}

@inproceedings{chuan2014american,
  title={American sign language recognition using leap motion sensor},
  author={Chuan, Ching-Hua and Regina, Eric and Guardino, Caroline},
  booktitle={2014 13th International Conference on Machine Learning and Applications},
  pages={541--544},
  year={2014},
  organization={IEEE}
}

@inproceedings{lang2012sign,
  title={Sign language recognition using kinect},
  author={Lang, Simon and Block, Marco and Rojas, Ra{\'u}l},
  booktitle={Artificial Intelligence and Soft Computing: 11th International Conference, ICAISC 2012, Zakopane, Poland, April 29-May 3, 2012, Proceedings, Part I 11},
  pages={394--402},
  year={2012},
  organization={Springer}
}

@article{wang2006american,
  title={American Sign Language Recognition Using Multi-dimensional Hidden Markov Models.},
  author={Wang, Honggang and Leu, Ming C and Oz, Cemil},
  journal={Journal of Information Science and Engineering},
  volume={22},
  number={5},
  pages={1109--1123},
  year={2006},
  publisher={Citeseer}
}

@inproceedings{bohavcek2022sign,
  title={Sign pose-based transformer for word-level sign language recognition},
  author={Boh{\'a}{\v{c}}ek, Maty{\'a}{\v{s}} and Hr{\'u}z, Marek},
  booktitle={Proceedings of the IEEE/CVF Winter Conference on Applications of Computer Vision},
  pages={182--191},
  year={2022}
}

@article{rajput2022sign,
  title={Sign Language Gesture Recognition from Spatio-temporal Features},
  author={Rajput, Rajesh Singh and Purushothaman, Anurenjan and Jeena, RS and Manu, Chippy M and others},
  year={2022}
}